<?xml version="1.0" encoding="UTF-8"?><collection xmlns="http://www.loc.gov/MARC21/slim"><record><leader>00419nam--2200133-i-4500</leader><controlfield tag="001">000040923</controlfield><controlfield tag="002">20161230</controlfield><controlfield tag="005">20161230201042</controlfield><controlfield tag="008">060222s1000------------r-----000-0-eng-d</controlfield><datafield ind1=" " ind2=" " tag="080"><subfield code="a">621.37</subfield></datafield><datafield ind1=" " ind2=" " tag="100"><subfield code="a">Scowen, F</subfield></datafield><datafield ind1=" " ind2=" " tag="245"><subfield code="a">An introduction to the theory and design of electric wave  filters. with a foreword by sir archibald j.gill. second edition</subfield></datafield><datafield ind1=" " ind2=" " tag="260"><subfield code="a">London, Chapman &amp; Hall Ltd., 1950, Xi + 188p</subfield></datafield><datafield ind1=" " ind2=" " tag="852"><subfield code="a">692</subfield></datafield></record></collection>